@Misc{hid-sp18-416-www-uci-ml-repository,
	author = {UCI Machine Learning Repository},
	title = {UCI Machine Learning Repository},
	howpublished = {Web Page},
	note = {Accessed: 2018-04-01},
	year = 2018,	
	url = {http://archive.ics.uci.edu/ml/index.php}
}

@Misc{hid-sp18-416-www-python-celery,
	author = {Python Celery},
	title = {Celery: Distributed Task Queue},
	howpublished = {Web Page},
	note = {Accessed: 2018-04-01},
	year = 2018,	
	url = {http://www.celeryproject.org/}
}

@Misc{hid-sp18-416-www-swagger,
	author = {Swagger},
	title = {THE WORLD'S MOST POPULAR API TOOLING},
	howpublished = {Web Page},
	note = {Accessed: 2018-04-01},
	year = 2018,	
	url = {https://swagger.io/}
}

@Misc{hid-sp18-416-www-mongodb,
	author = {MongoDB},
	title = {MongoDB},
	howpublished = {Web Page},
	note = {Accessed: 2018-04-01},
	year = 2018,	
	url = {https://www.mongodb.com/}
}

@Misc{hid-sp18-416-www-redis,
	author = {Redis},
	title = {Redis},
	howpublished = {Web Page},
	note = {Accessed: 2018-04-01},
	year = 2018,	
	url = {https://redis.io/}
}

@Misc{hid-sp18-416-www-apache-spark,
	author = {Apache Spark},
	title = {Apache Spark},
	howpublished = {Web Page},
	note = {Accessed: 2018-04-01},
	year = 2018,	
	url = {https://spark.apache.org/}
}
