@Misc{hid-sp18-416-www-morpheus-pricing,
	author = {{Morpheus}},
	title = {Unify your DevOps and CloudOps Today, Flexible options to get you 
	what you need},
	howpublished = {Web Page},
	note = {Accessed: 2018-03-17},
	year = 2018,	
	url = {https://www.morpheusdata.com/pricing}
}

@Misc{hid-sp18-416-www-morpheus-silicon-review,
	author = {The Silicon Review},
	title = {Say goodbye to cloud lock with easy cloud and hypervisor 
	migrations: Morpheus},
	howpublished = {Web Page},
	note = {Accessed: 2018-03-17},
	year = 2017,
	month = jul, 	
	url = 
	{http://thesiliconreview.com/magazines/say-goodbye-to-cloud-lock-with-easy-cloud-and-hypervisor-migrations-morpheus/}
}

@Misc{hid-sp18-416-www-blackrock,
	author = {{BLACKROCK}},
	title = {BLACKROCK},
	howpublished = {Web Page},	
	note = {Accessed: 2018-03-17},
	year = 2018,
	url = {https://www.blackrock.com/investing}
}

@Misc{hid-sp18-416-www-mcdonalds,
	author = {{McDonald's}},
	title = {McDonald's},
	howpublished = {Web Page},	
	note = {Accessed: 2018-03-17},
	year = 2018,
	url = {https://www.mcdonalds.com/us/en-us.html}
}

@Misc{hid-sp18-416-www-hsbc,
	author = {{HSBC}},
	title = {HSBC},
	howpublished = {Web Page},	
	note = {Accessed: 2018-03-17},
	year = 2018,
	url = {https://www.us.hsbc.com/}
}

@Misc{hid-sp18-416-www-spireon,
	author = {{Spireon}},
	title = {Spireon},
	howpublished = {Web Page},	
	note = {Accessed: 2018-03-17},
	year = 2018,
	url = {https://www.spireon.com/}
}

@Misc{hid-sp18-416-www-arris,
	author = {{ARRIS}},
	title = {ARRIS},
	howpublished = {Web Page},
	note = {Accessed: 2018-03-17},	
	year = 2018,
	url = {http://www.arris.com/}
}

@Misc{hid-sp18-416-www-wgu,
	author = {Western Governors University},
	title = {WGU},
	howpublished = {Web Page},	
	note = {Accessed: 2018-03-17},
	year = 2018,
	url = {https://www.wgu.edu/}
}

@Misc{hid-sp18-416-www-astrazeneca,
	author = {{AstraZeneca}},
	title = {AstraZeneca},
	howpublished = {Web Page},	
	note = {Accessed: 2018-03-17},
	year = 2018,
	url = {https://www.astrazeneca.com/}
}

@Misc{hid-sp18-416-www-quickenloans,
	author = {{Quicken Loans}},
	title = {Quicken Loans},
	howpublished = {Web Page},	
	note = {Accessed: 2018-03-17},
	year = 2018,
	url = {https://www.quickenloans.com/}
}

@Misc{hid-sp18-416-www-gbg,
	author = {{GBG}},
	title = {GBG},
	howpublished = {Web Page},	
	note = {Accessed: 2018-03-17},
	year = 2018,
	url = {https://www.gbgplc.com/}
}

@Misc{hid-sp18-416-www-morpheus-customers,
	author = {{Morpheus}},
	title = {Customers},
	howpublished = {Web Page},	
	note = {Accessed: 2018-03-17},
	year = 2018,
	url = {https://www.morpheusdata.com/customers}
}

@Misc{hid-sp18-416-www-morpheus-analytics,
	author = {{Morpheus}},
	title = {Intelligent Analytics},
	howpublished = {Web Page},	
	year = 2018,
	url = {https://www.morpheusdata.com/analytics}
}

@Misc{hid-sp18-416-www-servicenow,
	author = {{ServiceNow}},
	title = {ServiceNow},
	howpublished = {Web Page},	
	note = {Accessed: 2018-03-17},
	year = 2018,
	url = {https://www.servicenow.com/}
}

@Misc{hid-sp18-416-www-morpheus-control,
	author = {{Morpheus}},
	title = {Deterministic Control},
	howpublished = {Web Page},	
	note = {Accessed: 2018-03-17},
	year = 2018,
	url = {https://www.morpheusdata.com/control}
}

@Misc{hid-sp18-416-www-shadowit-wikipedia,
	key = {Shadow IT}, 
	title = {Shadow IT},
	howpublished = {Web Page},
	note = {Accessed: 2018-03-17},
	year = 2018,
	url = {https://en.wikipedia.org/wiki/Shadow_IT}
}

@Misc{hid-sp18-416-www-morpheus-product-guide,
	author = {{Morpheus}},
	title = {Product Guide, Unified Ops Orchestration},
	howpublished = {Web Page},	
	note = {Accessed: 2018-03-17},
	year = 2018,
	url = 
	{https://assets.morpheusdata.com/SpudMedia/1439/attachment/Morpheus%20Product%20Sheet%202017_v4_original.pdf}
}

@Misc{hid-sp18-416-www-morpheus-automation,
	author = {{Morpheus}},
	title = {Frictionless Automation},
	howpublished = {Web Page},	
	note = {Accessed: 2018-03-17},
	year = 2018,
	url = {https://www.morpheusdata.com/automation}
}

@Misc{hid-sp18-416-www-morpheus-architecture,
	author = {{Morpheus}},
	title = {Futureproof Evolution},
	howpublished = {Web Page},	
	note = {Accessed: 2018-03-17},
	year = 2018,
	url = {https://www.morpheusdata.com/architecture}
}

@Misc{hid-sp18-416-www-morpheus-integrations,
	author = {{Morpheus}},
	title = {Integrations},
	howpublished = {Web Page},	
	note = {Accessed: 2018-03-17},
	year = 2018,
	url = {https://www.morpheusdata.com/integrations}
}

@Misc{hid-sp18-416-www-scalr,
	author = {SCALR},
	title = {The Hybrid Cloud Management Platform},
	howpublished = {Web Page},	
	note = {Accessed: 2018-03-17},
	year = 2018,
	url = {https://www.scalr.com/}
}

@Misc{hid-sp18-416-www-cloudbolt,
	author = {{CloudBolt}},
	title = {Hybrid Cloud Delivered Today},
	howpublished = {Web Page},	
	note = {Accessed: 2018-03-17},
	year = 2018,
	url = {https://www.cloudbolt.io/}
}

@Misc{hid-sp18-416-www-rightscale,
	author = {Right Scale},
	title = {Right Scale},
	howpublished = {Web Page},	
	note = {Accessed: 2018-03-17},
	year = 2018,
	url = {https://www.rightscale.com/}
}

@Misc{hid-sp18-416-www-cloud-management-tools-comparison,
	author = {{Morpheus}},
	title = {Welcome to the Hybrid Cloud},
	howpublished = {Web Page},	
	note = {Accessed: 2018-03-17},
	year = 2018,
	url = 
	{https://www.morpheusdata.com/cloud-application-management-for-platforms-competitive-landscape-matrix}
}

@Misc{hid-sp18-416-www-morpheus-solutions,
	author = {{Morpheus}},
	title = {A systematic approach to business agility},
	howpublished = {Web Page},	
	note = {Accessed: 2018-03-17},
	year = 2018,
	url = {https://www.morpheusdata.com/solutions}
}